%YAML 1.1
%TAG !u! tag:unity3d.com,2011:
--- !u!29 &1
OcclusionCullingSettings:
  m_ObjectHideFlags: 0
  serializedVersion: 2
  m_OcclusionBakeSettings:
    smallestOccluder: 5
    smallestHole: 0.25
    backfaceThreshold: 100
  m_SceneGUID: 00000000000000000000000000000000
  m_OcclusionCullingData: {fileID: 0}
--- !u!104 &2
RenderSettings:
  m_ObjectHideFlags: 0
  serializedVersion: 9
  m_Fog: 0
  m_FogColor: {r: 0.5, g: 0.5, b: 0.5, a: 1}
  m_FogMode: 3
  m_FogDensity: 0.01
  m_LinearFogStart: 0
  m_LinearFogEnd: 300
  m_AmbientSkyColor: {r: 0.212, g: 0.227, b: 0.259, a: 1}
  m_AmbientEquatorColor: {r: 0.114, g: 0.125, b: 0.133, a: 1}
  m_AmbientGroundColor: {r: 0.047, g: 0.043, b: 0.035, a: 1}
  m_AmbientIntensity: 1
  m_AmbientMode: 3
  m_SubtractiveShadowColor: {r: 0.42, g: 0.478, b: 0.627, a: 1}
  m_SkyboxMaterial: {fileID: 0}
  m_HaloStrength: 0.5
  m_FlareStrength: 1
  m_FlareFadeSpeed: 3
  m_HaloTexture: {fileID: 0}
  m_SpotCookie: {fileID: 10001, guid: 0000000000000000e000000000000000, type: 0}
  m_DefaultReflectionMode: 0
  m_DefaultReflectionResolution: 128
  m_ReflectionBounces: 1
  m_ReflectionIntensity: 1
  m_CustomReflection: {fileID: 0}
  m_Sun: {fileID: 0}
  m_IndirectSpecularColor: {r: 0, g: 0, b: 0, a: 1}
  m_UseRadianceAmbientProbe: 0
--- !u!157 &3
LightmapSettings:
  m_ObjectHideFlags: 0
  serializedVersion: 11
  m_GIWorkflowMode: 1
  m_GISettings:
    serializedVersion: 2
    m_BounceScale: 1
    m_IndirectOutputScale: 1
    m_AlbedoBoost: 1
    m_TemporalCoherenceThreshold: 1
    m_EnvironmentLightingMode: 0
    m_EnableBakedLightmaps: 0
    m_EnableRealtimeLightmaps: 0
  m_LightmapEditorSettings:
    serializedVersion: 10
    m_Resolution: 2
    m_BakeResolution: 40
    m_AtlasSize: 1024
    m_AO: 0
    m_AOMaxDistance: 1
    m_CompAOExponent: 1
    m_CompAOExponentDirect: 0
    m_Padding: 2
    m_LightmapParameters: {fileID: 0}
    m_LightmapsBakeMode: 1
    m_TextureCompression: 1
    m_FinalGather: 0
    m_FinalGatherFiltering: 1
    m_FinalGatherRayCount: 256
    m_ReflectionCompression: 2
    m_MixedBakeMode: 2
    m_BakeBackend: 0
    m_PVRSampling: 1
    m_PVRDirectSampleCount: 32
    m_PVRSampleCount: 500
    m_PVRBounces: 2
    m_PVRFilterTypeDirect: 0
    m_PVRFilterTypeIndirect: 0
    m_PVRFilterTypeAO: 0
    m_PVRFilteringMode: 1
    m_PVRCulling: 1
    m_PVRFilteringGaussRadiusDirect: 1
    m_PVRFilteringGaussRadiusIndirect: 5
    m_PVRFilteringGaussRadiusAO: 2
    m_PVRFilteringAtrousPositionSigmaDirect: 0.5
    m_PVRFilteringAtrousPositionSigmaIndirect: 2
    m_PVRFilteringAtrousPositionSigmaAO: 1
    m_ShowResolutionOverlay: 1
  m_LightingDataAsset: {fileID: 0}
  m_UseShadowmask: 1
--- !u!196 &4
NavMeshSettings:
  serializedVersion: 2
  m_ObjectHideFlags: 0
  m_BuildSettings:
    serializedVersion: 2
    agentTypeID: 0
    agentRadius: 0.5
    agentHeight: 2
    agentSlope: 45
    agentClimb: 0.4
    ledgeDropHeight: 0
    maxJumpAcrossDistance: 0
    minRegionArea: 2
    manualCellSize: 0
    cellSize: 0.16666667
    manualTileSize: 0
    tileSize: 256
    accuratePlacement: 0
    debug:
      m_Flags: 0
  m_NavMeshData: {fileID: 0}
--- !u!1 &67918251
GameObject:
  m_ObjectHideFlags: 0
  m_CorrespondingSourceObject: {fileID: 0}
  m_PrefabInternal: {fileID: 0}
  serializedVersion: 6
  m_Component:
  - component: {fileID: 67918252}
  - component: {fileID: 67918254}
  - component: {fileID: 67918253}
  m_Layer: 5
  m_Name: TextMeshPro Text (1)
  m_TagString: Untagged
  m_Icon: {fileID: 0}
  m_NavMeshLayer: 0
  m_StaticEditorFlags: 0
  m_IsActive: 1
--- !u!224 &67918252
RectTransform:
  m_ObjectHideFlags: 0
  m_CorrespondingSourceObject: {fileID: 0}
  m_PrefabInternal: {fileID: 0}
  m_GameObject: {fileID: 67918251}
  m_LocalRotation: {x: -0, y: -0, z: -0, w: 1}
  m_LocalPosition: {x: 0, y: 0, z: 0}
  m_LocalScale: {x: 1.0001252, y: 1.0001252, z: 1.0001252}
  m_Children: []
  m_Father: {fileID: 2125351322}
  m_RootOrder: 1
  m_LocalEulerAnglesHint: {x: 0, y: 0, z: 0}
  m_AnchorMin: {x: 0, y: 1}
  m_AnchorMax: {x: 0, y: 1}
  m_AnchoredPosition: {x: 223.6, y: -30.9}
  m_SizeDelta: {x: 200, y: 50}
  m_Pivot: {x: 0.5, y: 0.5}
--- !u!114 &67918253
MonoBehaviour:
  m_ObjectHideFlags: 0
  m_CorrespondingSourceObject: {fileID: 0}
  m_PrefabInternal: {fileID: 0}
  m_GameObject: {fileID: 67918251}
  m_Enabled: 1
  m_EditorHideFlags: 0
  m_Script: {fileID: 11500000, guid: f4688fdb7df04437aeb418b961361dc5, type: 3}
  m_Name: 
  m_EditorClassIdentifier: 
  m_Material: {fileID: 0}
  m_Color: {r: 1, g: 1, b: 1, a: 1}
  m_RaycastTarget: 1
  m_OnCullStateChanged:
    m_PersistentCalls:
      m_Calls: []
    m_TypeName: UnityEngine.UI.MaskableGraphic+CullStateChangedEvent, UnityEngine.UI,
      Version=1.0.0.0, Culture=neutral, PublicKeyToken=null
  m_text: '0

'
  m_isRightToLeft: 0
  m_fontAsset: {fileID: 11400000, guid: b6db3bd12e61cf54f89d30db6184c6c0, type: 2}
  m_sharedMaterial: {fileID: 21196743558365714, guid: b6db3bd12e61cf54f89d30db6184c6c0,
    type: 2}
  m_fontSharedMaterials: []
  m_fontMaterial: {fileID: 0}
  m_fontMaterials: []
  m_fontColor32:
    serializedVersion: 2
    rgba: 4278190080
  m_fontColor: {r: 0, g: 0, b: 0, a: 1}
  m_enableVertexGradient: 0
  m_fontColorGradient:
    topLeft: {r: 1, g: 1, b: 1, a: 1}
    topRight: {r: 1, g: 1, b: 1, a: 1}
    bottomLeft: {r: 1, g: 1, b: 1, a: 1}
    bottomRight: {r: 1, g: 1, b: 1, a: 1}
  m_fontColorGradientPreset: {fileID: 0}
  m_spriteAsset: {fileID: 0}
  m_tintAllSprites: 0
  m_overrideHtmlColors: 0
  m_faceColor:
    serializedVersion: 2
    rgba: 4294967295
  m_outlineColor:
    serializedVersion: 2
    rgba: 4278190080
  m_fontSize: 36
  m_fontSizeBase: 36
  m_fontWeight: 400
  m_enableAutoSizing: 0
  m_fontSizeMin: 18
  m_fontSizeMax: 72
  m_fontStyle: 0
  m_textAlignment: 257
  m_isAlignmentEnumConverted: 1
  m_characterSpacing: 0
  m_wordSpacing: 0
  m_lineSpacing: 0
  m_lineSpacingMax: 0
  m_paragraphSpacing: 0
  m_charWidthMaxAdj: 0
  m_enableWordWrapping: 1
  m_wordWrappingRatios: 0.4
  m_overflowMode: 0
  m_firstOverflowCharacterIndex: -1
  m_linkedTextComponent: {fileID: 0}
  m_isLinkedTextComponent: 0
  m_isTextTruncated: 0
  m_enableKerning: 1
  m_enableExtraPadding: 0
  checkPaddingRequired: 0
  m_isRichText: 1
  m_parseCtrlCharacters: 1
  m_isOrthographic: 1
  m_isCullingEnabled: 0
  m_ignoreRectMaskCulling: 0
  m_ignoreCulling: 1
  m_horizontalMapping: 0
  m_verticalMapping: 0
  m_uvLineOffset: 0
  m_geometrySortingOrder: 0
  m_firstVisibleCharacter: 0
  m_useMaxVisibleDescender: 1
  m_pageToDisplay: 1
  m_margin: {x: 0, y: 0, z: -451.3025, w: 0}
  m_textInfo:
    textComponent: {fileID: 67918253}
    characterCount: 2
    spriteCount: 0
    spaceCount: 1
    wordCount: 1
    linkCount: 0
    lineCount: 1
    pageCount: 1
    materialCount: 1
  m_havePropertiesChanged: 0
  m_isUsingLegacyAnimationComponent: 0
  m_isVolumetricText: 0
  m_spriteAnimator: {fileID: 0}
  m_isInputParsingRequired: 0
  m_inputSource: 0
  m_hasFontAssetChanged: 0
  m_subTextObjects:
  - {fileID: 0}
  - {fileID: 0}
  - {fileID: 0}
  - {fileID: 0}
  - {fileID: 0}
  - {fileID: 0}
  - {fileID: 0}
  - {fileID: 0}
  m_baseMaterial: {fileID: 0}
  m_maskOffset: {x: 0, y: 0, z: 0, w: 0}
--- !u!222 &67918254
CanvasRenderer:
  m_ObjectHideFlags: 0
  m_CorrespondingSourceObject: {fileID: 0}
  m_PrefabInternal: {fileID: 0}
  m_GameObject: {fileID: 67918251}
  m_CullTransparentMesh: 0
--- !u!1001 &114369519
Prefab:
  m_ObjectHideFlags: 0
  serializedVersion: 2
  m_Modification:
    m_TransformParent: {fileID: 0}
    m_Modifications:
    - target: {fileID: 4268616314426084, guid: ae2591be8d04f4049aa2054b2e62b962, type: 2}
      propertyPath: m_LocalPosition.x
      value: 16
      objectReference: {fileID: 0}
    - target: {fileID: 4268616314426084, guid: ae2591be8d04f4049aa2054b2e62b962, type: 2}
      propertyPath: m_LocalPosition.y
      value: -0.22
      objectReference: {fileID: 0}
    - target: {fileID: 4268616314426084, guid: ae2591be8d04f4049aa2054b2e62b962, type: 2}
      propertyPath: m_LocalPosition.z
      value: 0
      objectReference: {fileID: 0}
    - target: {fileID: 4268616314426084, guid: ae2591be8d04f4049aa2054b2e62b962, type: 2}
      propertyPath: m_LocalRotation.x
      value: 0
      objectReference: {fileID: 0}
    - target: {fileID: 4268616314426084, guid: ae2591be8d04f4049aa2054b2e62b962, type: 2}
      propertyPath: m_LocalRotation.y
      value: 0
      objectReference: {fileID: 0}
    - target: {fileID: 4268616314426084, guid: ae2591be8d04f4049aa2054b2e62b962, type: 2}
      propertyPath: m_LocalRotation.z
      value: 0
      objectReference: {fileID: 0}
    - target: {fileID: 4268616314426084, guid: ae2591be8d04f4049aa2054b2e62b962, type: 2}
      propertyPath: m_LocalRotation.w
      value: 1
      objectReference: {fileID: 0}
    - target: {fileID: 4268616314426084, guid: ae2591be8d04f4049aa2054b2e62b962, type: 2}
      propertyPath: m_RootOrder
      value: 3
      objectReference: {fileID: 0}
    m_RemovedComponents: []
  m_SourcePrefab: {fileID: 100100000, guid: ae2591be8d04f4049aa2054b2e62b962, type: 2}
  m_IsPrefabAsset: 0
--- !u!1001 &121100458
Prefab:
  m_ObjectHideFlags: 0
  serializedVersion: 2
  m_Modification:
    m_TransformParent: {fileID: 0}
    m_Modifications:
    - target: {fileID: 4491994704491764, guid: 850bc6277c2745f479a23fa402c82164, type: 2}
      propertyPath: m_LocalPosition.x
      value: 0
      objectReference: {fileID: 0}
    - target: {fileID: 4491994704491764, guid: 850bc6277c2745f479a23fa402c82164, type: 2}
      propertyPath: m_LocalPosition.y
      value: 0
      objectReference: {fileID: 0}
    - target: {fileID: 4491994704491764, guid: 850bc6277c2745f479a23fa402c82164, type: 2}
      propertyPath: m_LocalPosition.z
      value: -10
      objectReference: {fileID: 0}
    - target: {fileID: 4491994704491764, guid: 850bc6277c2745f479a23fa402c82164, type: 2}
      propertyPath: m_LocalRotation.x
      value: 0
      objectReference: {fileID: 0}
    - target: {fileID: 4491994704491764, guid: 850bc6277c2745f479a23fa402c82164, type: 2}
      propertyPath: m_LocalRotation.y
      value: 0
      objectReference: {fileID: 0}
    - target: {fileID: 4491994704491764, guid: 850bc6277c2745f479a23fa402c82164, type: 2}
      propertyPath: m_LocalRotation.z
      value: 0
      objectReference: {fileID: 0}
    - target: {fileID: 4491994704491764, guid: 850bc6277c2745f479a23fa402c82164, type: 2}
      propertyPath: m_LocalRotation.w
      value: 1
      objectReference: {fileID: 0}
    - target: {fileID: 4491994704491764, guid: 850bc6277c2745f479a23fa402c82164, type: 2}
      propertyPath: m_RootOrder
      value: 0
      objectReference: {fileID: 0}
    - target: {fileID: 20306229533207170, guid: 850bc6277c2745f479a23fa402c82164,
        type: 2}
      propertyPath: orthographic size
      value: 9
      objectReference: {fileID: 0}
    - target: {fileID: 20306229533207170, guid: 850bc6277c2745f479a23fa402c82164,
        type: 2}
      propertyPath: orthographic
      value: 1
      objectReference: {fileID: 0}
    m_RemovedComponents: []
  m_SourcePrefab: {fileID: 100100000, guid: 850bc6277c2745f479a23fa402c82164, type: 2}
  m_IsPrefabAsset: 0
--- !u!224 &356913489 stripped
RectTransform:
  m_CorrespondingSourceObject: {fileID: 224149732277766224, guid: 91df91c0c3d2c474cb006906c29eec2d,
    type: 2}
  m_PrefabInternal: {fileID: 1104582458}
--- !u!1 &552379301
GameObject:
  m_ObjectHideFlags: 0
  m_CorrespondingSourceObject: {fileID: 0}
  m_PrefabInternal: {fileID: 0}
  serializedVersion: 6
  m_Component:
  - component: {fileID: 552379303}
  - component: {fileID: 552379302}
  m_Layer: 0
  m_Name: Battle Manager
  m_TagString: Untagged
  m_Icon: {fileID: 0}
  m_NavMeshLayer: 0
  m_StaticEditorFlags: 0
  m_IsActive: 1
--- !u!114 &552379302
MonoBehaviour:
  m_ObjectHideFlags: 0
  m_CorrespondingSourceObject: {fileID: 0}
  m_PrefabInternal: {fileID: 0}
  m_GameObject: {fileID: 552379301}
  m_Enabled: 1
  m_EditorHideFlags: 0
  m_Script: {fileID: 11500000, guid: 7961aa018cdee4c4281910548b8f9952, type: 3}
  m_Name: 
  m_EditorClassIdentifier: 
  maxMana: 50
  manaRegen: 4
  units:
  - {fileID: 1026616701163546, guid: 18ae27adf7ba28d40964f583e8b71d14, type: 2}
  - {fileID: 1571414352931646, guid: 260d906b1ff2d99468602782309fda60, type: 2}
  - {fileID: 1279332049546880, guid: f0d40a73833156b45b6780270c688ebd, type: 2}
  - {fileID: 1671626505868460, guid: cb0fe7055b98624408d14f8d7906d03b, type: 2}
  - {fileID: 1241019890105036, guid: 34b0942f26c72b64992af57632676d5b, type: 2}
  - {fileID: 1452582958406910, guid: 9735b1045000ec74ab53c63f09305f4f, type: 2}
  - {fileID: 1447017123226626, guid: 014bd77b44aaea040a6da5fceb8cbb26, type: 2}
  spawnPoints:
  - {fileID: 1038199537}
  - {fileID: 1473689699}
  currentManaTag: {fileID: 67918253}
--- !u!4 &552379303
Transform:
  m_ObjectHideFlags: 0
  m_CorrespondingSourceObject: {fileID: 0}
  m_PrefabInternal: {fileID: 0}
  m_GameObject: {fileID: 552379301}
  m_LocalRotation: {x: -0, y: -0, z: -0, w: 1}
  m_LocalPosition: {x: 0, y: 0, z: 0}
  m_LocalScale: {x: 1, y: 1, z: 1}
  m_Children: []
  m_Father: {fileID: 0}
  m_RootOrder: 1
  m_LocalEulerAnglesHint: {x: 0, y: 0, z: 0}
--- !u!1001 &596034692
Prefab:
  m_ObjectHideFlags: 0
  serializedVersion: 2
  m_Modification:
    m_TransformParent: {fileID: 2131959294}
    m_Modifications:
    - target: {fileID: 224623510141321100, guid: 1394a1bfdafc87947b828399fbd6b3a9,
        type: 2}
      propertyPath: m_LocalPosition.x
      value: 0
      objectReference: {fileID: 0}
    - target: {fileID: 224623510141321100, guid: 1394a1bfdafc87947b828399fbd6b3a9,
        type: 2}
      propertyPath: m_LocalPosition.y
      value: 0
      objectReference: {fileID: 0}
    - target: {fileID: 224623510141321100, guid: 1394a1bfdafc87947b828399fbd6b3a9,
        type: 2}
      propertyPath: m_LocalPosition.z
      value: 2.000122
      objectReference: {fileID: 0}
    - target: {fileID: 224623510141321100, guid: 1394a1bfdafc87947b828399fbd6b3a9,
        type: 2}
      propertyPath: m_LocalRotation.x
      value: -0
      objectReference: {fileID: 0}
    - target: {fileID: 224623510141321100, guid: 1394a1bfdafc87947b828399fbd6b3a9,
        type: 2}
      propertyPath: m_LocalRotation.y
      value: -0
      objectReference: {fileID: 0}
    - target: {fileID: 224623510141321100, guid: 1394a1bfdafc87947b828399fbd6b3a9,
        type: 2}
      propertyPath: m_LocalRotation.z
      value: -0
      objectReference: {fileID: 0}
    - target: {fileID: 224623510141321100, guid: 1394a1bfdafc87947b828399fbd6b3a9,
        type: 2}
      propertyPath: m_LocalRotation.w
      value: 1
      objectReference: {fileID: 0}
    - target: {fileID: 224623510141321100, guid: 1394a1bfdafc87947b828399fbd6b3a9,
        type: 2}
      propertyPath: m_RootOrder
      value: 3
      objectReference: {fileID: 0}
    - target: {fileID: 224623510141321100, guid: 1394a1bfdafc87947b828399fbd6b3a9,
        type: 2}
      propertyPath: m_AnchoredPosition.x
      value: 128.59999
      objectReference: {fileID: 0}
    - target: {fileID: 224623510141321100, guid: 1394a1bfdafc87947b828399fbd6b3a9,
        type: 2}
      propertyPath: m_AnchoredPosition.y
      value: -6.200058
      objectReference: {fileID: 0}
    - target: {fileID: 224623510141321100, guid: 1394a1bfdafc87947b828399fbd6b3a9,
        type: 2}
      propertyPath: m_SizeDelta.x
      value: 0.6800003
      objectReference: {fileID: 0}
    - target: {fileID: 224623510141321100, guid: 1394a1bfdafc87947b828399fbd6b3a9,
        type: 2}
      propertyPath: m_SizeDelta.y
      value: 0.74721
      objectReference: {fileID: 0}
    - target: {fileID: 224623510141321100, guid: 1394a1bfdafc87947b828399fbd6b3a9,
        type: 2}
      propertyPath: m_AnchorMin.x
      value: 0.5
      objectReference: {fileID: 0}
    - target: {fileID: 224623510141321100, guid: 1394a1bfdafc87947b828399fbd6b3a9,
        type: 2}
      propertyPath: m_AnchorMin.y
      value: 0.5
      objectReference: {fileID: 0}
    - target: {fileID: 224623510141321100, guid: 1394a1bfdafc87947b828399fbd6b3a9,
        type: 2}
      propertyPath: m_AnchorMax.x
      value: 0.5
      objectReference: {fileID: 0}
    - target: {fileID: 224623510141321100, guid: 1394a1bfdafc87947b828399fbd6b3a9,
        type: 2}
      propertyPath: m_AnchorMax.y
      value: 0.5
      objectReference: {fileID: 0}
    - target: {fileID: 224623510141321100, guid: 1394a1bfdafc87947b828399fbd6b3a9,
        type: 2}
      propertyPath: m_Pivot.x
      value: 0.5
      objectReference: {fileID: 0}
    - target: {fileID: 224623510141321100, guid: 1394a1bfdafc87947b828399fbd6b3a9,
        type: 2}
      propertyPath: m_Pivot.y
      value: 0.5
      objectReference: {fileID: 0}
    - target: {fileID: 114450233493552454, guid: 1394a1bfdafc87947b828399fbd6b3a9,
        type: 2}
      propertyPath: m_OnClick.m_PersistentCalls.m_Calls.Array.data[0].m_Target
      value: 
      objectReference: {fileID: 552379302}
    - target: {fileID: 114619820214308850, guid: 1394a1bfdafc87947b828399fbd6b3a9,
        type: 2}
      propertyPath: m_havePropertiesChanged
      value: 1
      objectReference: {fileID: 0}
    - target: {fileID: 114619820214308850, guid: 1394a1bfdafc87947b828399fbd6b3a9,
        type: 2}
      propertyPath: m_isInputParsingRequired
      value: 1
      objectReference: {fileID: 0}
    - target: {fileID: 4685522960812818, guid: 1394a1bfdafc87947b828399fbd6b3a9, type: 2}
      propertyPath: m_LocalPosition.y
      value: -0.325
      objectReference: {fileID: 0}
    - target: {fileID: 212616838711987552, guid: 1394a1bfdafc87947b828399fbd6b3a9,
        type: 2}
      propertyPath: m_SortingLayerID
      value: 2081634143
      objectReference: {fileID: 0}
    - target: {fileID: 212616838711987552, guid: 1394a1bfdafc87947b828399fbd6b3a9,
        type: 2}
      propertyPath: m_SortingLayer
      value: 7
      objectReference: {fileID: 0}
    - target: {fileID: 1437517743601304, guid: 1394a1bfdafc87947b828399fbd6b3a9, type: 2}
      propertyPath: m_Layer
      value: 5
      objectReference: {fileID: 0}
    m_RemovedComponents: []
  m_SourcePrefab: {fileID: 100100000, guid: 1394a1bfdafc87947b828399fbd6b3a9, type: 2}
  m_IsPrefabAsset: 0
--- !u!20 &811910742 stripped
Camera:
  m_CorrespondingSourceObject: {fileID: 20306229533207170, guid: 850bc6277c2745f479a23fa402c82164,
    type: 2}
  m_PrefabInternal: {fileID: 121100458}
--- !u!1 &1038199536
GameObject:
  m_ObjectHideFlags: 0
  m_CorrespondingSourceObject: {fileID: 0}
  m_PrefabInternal: {fileID: 0}
  serializedVersion: 6
  m_Component:
  - component: {fileID: 1038199537}
  m_Layer: 0
  m_Name: Ally Spawn Location
  m_TagString: Untagged
  m_Icon: {fileID: 0}
  m_NavMeshLayer: 0
  m_StaticEditorFlags: 0
  m_IsActive: 1
--- !u!4 &1038199537
Transform:
  m_ObjectHideFlags: 0
  m_CorrespondingSourceObject: {fileID: 0}
  m_PrefabInternal: {fileID: 0}
  m_GameObject: {fileID: 1038199536}
  m_LocalRotation: {x: 0, y: 0, z: 0, w: 1}
  m_LocalPosition: {x: -11.96, y: -4.13, z: 0}
  m_LocalScale: {x: 1, y: 1, z: 1}
  m_Children: []
  m_Father: {fileID: 0}
  m_RootOrder: 4
  m_LocalEulerAnglesHint: {x: 0, y: 0, z: 0}
--- !u!1001 &1104582458
Prefab:
  m_ObjectHideFlags: 0
  serializedVersion: 2
  m_Modification:
    m_TransformParent: {fileID: 2131959294}
    m_Modifications:
    - target: {fileID: 224149732277766224, guid: 91df91c0c3d2c474cb006906c29eec2d,
        type: 2}
      propertyPath: m_LocalPosition.x
      value: 0
      objectReference: {fileID: 0}
    - target: {fileID: 224149732277766224, guid: 91df91c0c3d2c474cb006906c29eec2d,
        type: 2}
      propertyPath: m_LocalPosition.y
      value: 0
      objectReference: {fileID: 0}
    - target: {fileID: 224149732277766224, guid: 91df91c0c3d2c474cb006906c29eec2d,
        type: 2}
      propertyPath: m_LocalPosition.z
      value: 2.000122
      objectReference: {fileID: 0}
    - target: {fileID: 224149732277766224, guid: 91df91c0c3d2c474cb006906c29eec2d,
        type: 2}
      propertyPath: m_LocalRotation.x
      value: -0
      objectReference: {fileID: 0}
    - target: {fileID: 224149732277766224, guid: 91df91c0c3d2c474cb006906c29eec2d,
        type: 2}
      propertyPath: m_LocalRotation.y
      value: -0
      objectReference: {fileID: 0}
    - target: {fileID: 224149732277766224, guid: 91df91c0c3d2c474cb006906c29eec2d,
        type: 2}
      propertyPath: m_LocalRotation.z
      value: -0
      objectReference: {fileID: 0}
    - target: {fileID: 224149732277766224, guid: 91df91c0c3d2c474cb006906c29eec2d,
        type: 2}
      propertyPath: m_LocalRotation.w
      value: 1
      objectReference: {fileID: 0}
    - target: {fileID: 224149732277766224, guid: 91df91c0c3d2c474cb006906c29eec2d,
        type: 2}
      propertyPath: m_RootOrder
      value: 1
      objectReference: {fileID: 0}
    - target: {fileID: 224149732277766224, guid: 91df91c0c3d2c474cb006906c29eec2d,
        type: 2}
      propertyPath: m_AnchoredPosition.x
      value: -45.700012
      objectReference: {fileID: 0}
    - target: {fileID: 224149732277766224, guid: 91df91c0c3d2c474cb006906c29eec2d,
        type: 2}
      propertyPath: m_AnchoredPosition.y
      value: -6.2000275
      objectReference: {fileID: 0}
    - target: {fileID: 224149732277766224, guid: 91df91c0c3d2c474cb006906c29eec2d,
        type: 2}
      propertyPath: m_SizeDelta.x
      value: 0.68
      objectReference: {fileID: 0}
    - target: {fileID: 224149732277766224, guid: 91df91c0c3d2c474cb006906c29eec2d,
        type: 2}
      propertyPath: m_SizeDelta.y
      value: 0.74721
      objectReference: {fileID: 0}
    - target: {fileID: 224149732277766224, guid: 91df91c0c3d2c474cb006906c29eec2d,
        type: 2}
      propertyPath: m_AnchorMin.x
      value: 0.5
      objectReference: {fileID: 0}
    - target: {fileID: 224149732277766224, guid: 91df91c0c3d2c474cb006906c29eec2d,
        type: 2}
      propertyPath: m_AnchorMin.y
      value: 0.5
      objectReference: {fileID: 0}
    - target: {fileID: 224149732277766224, guid: 91df91c0c3d2c474cb006906c29eec2d,
        type: 2}
      propertyPath: m_AnchorMax.x
      value: 0.5
      objectReference: {fileID: 0}
    - target: {fileID: 224149732277766224, guid: 91df91c0c3d2c474cb006906c29eec2d,
        type: 2}
      propertyPath: m_AnchorMax.y
      value: 0.5
      objectReference: {fileID: 0}
    - target: {fileID: 224149732277766224, guid: 91df91c0c3d2c474cb006906c29eec2d,
        type: 2}
      propertyPath: m_Pivot.x
      value: 0.5
      objectReference: {fileID: 0}
    - target: {fileID: 224149732277766224, guid: 91df91c0c3d2c474cb006906c29eec2d,
        type: 2}
      propertyPath: m_Pivot.y
      value: 0.5
      objectReference: {fileID: 0}
    - target: {fileID: 114328035406722480, guid: 91df91c0c3d2c474cb006906c29eec2d,
        type: 2}
      propertyPath: m_OnClick.m_PersistentCalls.m_Calls.Array.data[0].m_Target
      value: 
      objectReference: {fileID: 552379302}
    - target: {fileID: 114512099515466982, guid: 91df91c0c3d2c474cb006906c29eec2d,
        type: 2}
      propertyPath: m_havePropertiesChanged
      value: 1
      objectReference: {fileID: 0}
    - target: {fileID: 114512099515466982, guid: 91df91c0c3d2c474cb006906c29eec2d,
        type: 2}
      propertyPath: m_isInputParsingRequired
      value: 1
      objectReference: {fileID: 0}
    - target: {fileID: 114328035406722480, guid: 91df91c0c3d2c474cb006906c29eec2d,
        type: 2}
      propertyPath: m_OnClick.m_PersistentCalls.m_Calls.Array.data[0].m_Arguments.m_IntArgument
      value: 4
      objectReference: {fileID: 0}
    - target: {fileID: 4568957681515792, guid: 91df91c0c3d2c474cb006906c29eec2d, type: 2}
      propertyPath: m_LocalPosition.y
      value: -0.308
      objectReference: {fileID: 0}
    - target: {fileID: 212460667165981722, guid: 91df91c0c3d2c474cb006906c29eec2d,
        type: 2}
      propertyPath: m_SortingLayerID
      value: 2081634143
      objectReference: {fileID: 0}
    - target: {fileID: 212460667165981722, guid: 91df91c0c3d2c474cb006906c29eec2d,
        type: 2}
      propertyPath: m_SortingLayer
      value: 7
      objectReference: {fileID: 0}
    - target: {fileID: 1660560162660450, guid: 91df91c0c3d2c474cb006906c29eec2d, type: 2}
      propertyPath: m_Layer
      value: 5
      objectReference: {fileID: 0}
    m_RemovedComponents: []
  m_SourcePrefab: {fileID: 100100000, guid: 91df91c0c3d2c474cb006906c29eec2d, type: 2}
  m_IsPrefabAsset: 0
--- !u!1 &1140107173
GameObject:
  m_ObjectHideFlags: 0
  m_CorrespondingSourceObject: {fileID: 0}
  m_PrefabInternal: {fileID: 0}
  serializedVersion: 6
  m_Component:
  - component: {fileID: 1140107177}
  - component: {fileID: 1140107176}
  - component: {fileID: 1140107175}
  - component: {fileID: 1140107174}
  m_Layer: 0
  m_Name: MusicManager
  m_TagString: Untagged
  m_Icon: {fileID: 0}
  m_NavMeshLayer: 0
  m_StaticEditorFlags: 0
  m_IsActive: 1
--- !u!114 &1140107174
MonoBehaviour:
  m_ObjectHideFlags: 0
  m_CorrespondingSourceObject: {fileID: 0}
  m_PrefabInternal: {fileID: 0}
  m_GameObject: {fileID: 1140107173}
  m_Enabled: 1
  m_EditorHideFlags: 0
  m_Script: {fileID: 11500000, guid: fd84a6547a3a20a47a102a63c9d28ddf, type: 3}
  m_Name: 
  m_EditorClassIdentifier: 
  MainTheme: {fileID: 1140107176}
  BattleTheme: {fileID: 1140107175}
--- !u!82 &1140107175
AudioSource:
  m_ObjectHideFlags: 0
  m_CorrespondingSourceObject: {fileID: 0}
  m_PrefabInternal: {fileID: 0}
  m_GameObject: {fileID: 1140107173}
  m_Enabled: 1
  serializedVersion: 4
  OutputAudioMixerGroup: {fileID: 0}
  m_audioClip: {fileID: 8300000, guid: 1d690dd5b58bc5146b3ffc897b4810d2, type: 3}
  m_PlayOnAwake: 0
  m_Volume: 1
  m_Pitch: 1
  Loop: 1
  Mute: 0
  Spatialize: 0
  SpatializePostEffects: 0
  Priority: 128
  DopplerLevel: 1
  MinDistance: 1
  MaxDistance: 500
  Pan2D: 0
  rolloffMode: 0
  BypassEffects: 0
  BypassListenerEffects: 0
  BypassReverbZones: 0
  rolloffCustomCurve:
    serializedVersion: 2
    m_Curve:
    - serializedVersion: 3
      time: 0
      value: 1
      inSlope: 0
      outSlope: 0
      tangentMode: 0
      weightedMode: 0
      inWeight: 0.33333334
      outWeight: 0.33333334
    - serializedVersion: 3
      time: 1
      value: 0
      inSlope: 0
      outSlope: 0
      tangentMode: 0
      weightedMode: 0
      inWeight: 0.33333334
      outWeight: 0.33333334
    m_PreInfinity: 2
    m_PostInfinity: 2
    m_RotationOrder: 4
  panLevelCustomCurve:
    serializedVersion: 2
    m_Curve:
    - serializedVersion: 3
      time: 0
      value: 0
      inSlope: 0
      outSlope: 0
      tangentMode: 0
      weightedMode: 0
      inWeight: 0.33333334
      outWeight: 0.33333334
    m_PreInfinity: 2
    m_PostInfinity: 2
    m_RotationOrder: 4
  spreadCustomCurve:
    serializedVersion: 2
    m_Curve:
    - serializedVersion: 3
      time: 0
      value: 0
      inSlope: 0
      outSlope: 0
      tangentMode: 0
      weightedMode: 0
      inWeight: 0.33333334
      outWeight: 0.33333334
    m_PreInfinity: 2
    m_PostInfinity: 2
    m_RotationOrder: 4
  reverbZoneMixCustomCurve:
    serializedVersion: 2
    m_Curve:
    - serializedVersion: 3
      time: 0
      value: 1
      inSlope: 0
      outSlope: 0
      tangentMode: 0
      weightedMode: 0
      inWeight: 0.33333334
      outWeight: 0.33333334
    m_PreInfinity: 2
    m_PostInfinity: 2
    m_RotationOrder: 4
--- !u!82 &1140107176
AudioSource:
  m_ObjectHideFlags: 0
  m_CorrespondingSourceObject: {fileID: 0}
  m_PrefabInternal: {fileID: 0}
  m_GameObject: {fileID: 1140107173}
  m_Enabled: 1
  serializedVersion: 4
  OutputAudioMixerGroup: {fileID: 0}
  m_audioClip: {fileID: 8300000, guid: 1d690dd5b58bc5146b3ffc897b4810d2, type: 3}
  m_PlayOnAwake: 0
  m_Volume: 1
  m_Pitch: 1
  Loop: 1
  Mute: 0
  Spatialize: 0
  SpatializePostEffects: 0
  Priority: 128
  DopplerLevel: 1
  MinDistance: 1
  MaxDistance: 500
  Pan2D: 0
  rolloffMode: 0
  BypassEffects: 0
  BypassListenerEffects: 0
  BypassReverbZones: 0
  rolloffCustomCurve:
    serializedVersion: 2
    m_Curve:
    - serializedVersion: 3
      time: 0
      value: 1
      inSlope: 0
      outSlope: 0
      tangentMode: 0
      weightedMode: 0
      inWeight: 0.33333334
      outWeight: 0.33333334
    - serializedVersion: 3
      time: 1
      value: 0
      inSlope: 0
      outSlope: 0
      tangentMode: 0
      weightedMode: 0
      inWeight: 0.33333334
      outWeight: 0.33333334
    m_PreInfinity: 2
    m_PostInfinity: 2
    m_RotationOrder: 4
  panLevelCustomCurve:
    serializedVersion: 2
    m_Curve:
    - serializedVersion: 3
      time: 0
      value: 0
      inSlope: 0
      outSlope: 0
      tangentMode: 0
      weightedMode: 0
      inWeight: 0.33333334
      outWeight: 0.33333334
    m_PreInfinity: 2
    m_PostInfinity: 2
    m_RotationOrder: 4
  spreadCustomCurve:
    serializedVersion: 2
    m_Curve:
    - serializedVersion: 3
      time: 0
      value: 0
      inSlope: 0
      outSlope: 0
      tangentMode: 0
      weightedMode: 0
      inWeight: 0.33333334
      outWeight: 0.33333334
    m_PreInfinity: 2
    m_PostInfinity: 2
    m_RotationOrder: 4
  reverbZoneMixCustomCurve:
    serializedVersion: 2
    m_Curve:
    - serializedVersion: 3
      time: 0
      value: 1
      inSlope: 0
      outSlope: 0
      tangentMode: 0
      weightedMode: 0
      inWeight: 0.33333334
      outWeight: 0.33333334
    m_PreInfinity: 2
    m_PostInfinity: 2
    m_RotationOrder: 4
--- !u!4 &1140107177
Transform:
  m_ObjectHideFlags: 0
  m_CorrespondingSourceObject: {fileID: 0}
  m_PrefabInternal: {fileID: 0}
  m_GameObject: {fileID: 1140107173}
  m_LocalRotation: {x: 0, y: 0, z: 0, w: 1}
  m_LocalPosition: {x: -0.74257326, y: -0.050203353, z: -11.463072}
  m_LocalScale: {x: 1, y: 1, z: 1}
  m_Children: []
  m_Father: {fileID: 0}
  m_RootOrder: 9
  m_LocalEulerAnglesHint: {x: 0, y: 0, z: 0}
--- !u!1001 &1158723627
Prefab:
  m_ObjectHideFlags: 0
  serializedVersion: 2
  m_Modification:
    m_TransformParent: {fileID: 0}
    m_Modifications:
    - target: {fileID: 4689644909982348, guid: 84bf74abe0e1dc34395ebf3ca1804c1e, type: 2}
      propertyPath: m_LocalPosition.x
      value: -16
      objectReference: {fileID: 0}
    - target: {fileID: 4689644909982348, guid: 84bf74abe0e1dc34395ebf3ca1804c1e, type: 2}
      propertyPath: m_LocalPosition.y
      value: -1.31
      objectReference: {fileID: 0}
    - target: {fileID: 4689644909982348, guid: 84bf74abe0e1dc34395ebf3ca1804c1e, type: 2}
      propertyPath: m_LocalPosition.z
      value: 0
      objectReference: {fileID: 0}
    - target: {fileID: 4689644909982348, guid: 84bf74abe0e1dc34395ebf3ca1804c1e, type: 2}
      propertyPath: m_LocalRotation.x
      value: -0
      objectReference: {fileID: 0}
    - target: {fileID: 4689644909982348, guid: 84bf74abe0e1dc34395ebf3ca1804c1e, type: 2}
      propertyPath: m_LocalRotation.y
      value: 0.0026520686
      objectReference: {fileID: 0}
    - target: {fileID: 4689644909982348, guid: 84bf74abe0e1dc34395ebf3ca1804c1e, type: 2}
      propertyPath: m_LocalRotation.z
      value: -0
      objectReference: {fileID: 0}
    - target: {fileID: 4689644909982348, guid: 84bf74abe0e1dc34395ebf3ca1804c1e, type: 2}
      propertyPath: m_LocalRotation.w
      value: 0.9999965
      objectReference: {fileID: 0}
    - target: {fileID: 4689644909982348, guid: 84bf74abe0e1dc34395ebf3ca1804c1e, type: 2}
      propertyPath: m_RootOrder
      value: 2
      objectReference: {fileID: 0}
    m_RemovedComponents: []
  m_SourcePrefab: {fileID: 100100000, guid: 84bf74abe0e1dc34395ebf3ca1804c1e, type: 2}
  m_IsPrefabAsset: 0
--- !u!1 &1233023723
GameObject:
  m_ObjectHideFlags: 0
  m_CorrespondingSourceObject: {fileID: 0}
  m_PrefabInternal: {fileID: 0}
  serializedVersion: 6
  m_Component:
  - component: {fileID: 1233023726}
  - component: {fileID: 1233023725}
  - component: {fileID: 1233023724}
  m_Layer: 0
  m_Name: EventSystem
  m_TagString: Untagged
  m_Icon: {fileID: 0}
  m_NavMeshLayer: 0
  m_StaticEditorFlags: 0
  m_IsActive: 1
--- !u!114 &1233023724
MonoBehaviour:
  m_ObjectHideFlags: 0
  m_CorrespondingSourceObject: {fileID: 0}
  m_PrefabInternal: {fileID: 0}
  m_GameObject: {fileID: 1233023723}
  m_Enabled: 1
  m_EditorHideFlags: 0
  m_Script: {fileID: 1077351063, guid: f70555f144d8491a825f0804e09c671c, type: 3}
  m_Name: 
  m_EditorClassIdentifier: 
  m_HorizontalAxis: Horizontal
  m_VerticalAxis: Vertical
  m_SubmitButton: Submit
  m_CancelButton: Cancel
  m_InputActionsPerSecond: 10
  m_RepeatDelay: 0.5
  m_ForceModuleActive: 0
--- !u!114 &1233023725
MonoBehaviour:
  m_ObjectHideFlags: 0
  m_CorrespondingSourceObject: {fileID: 0}
  m_PrefabInternal: {fileID: 0}
  m_GameObject: {fileID: 1233023723}
  m_Enabled: 1
  m_EditorHideFlags: 0
  m_Script: {fileID: -619905303, guid: f70555f144d8491a825f0804e09c671c, type: 3}
  m_Name: 
  m_EditorClassIdentifier: 
  m_FirstSelected: {fileID: 0}
  m_sendNavigationEvents: 1
  m_DragThreshold: 10
--- !u!4 &1233023726
Transform:
  m_ObjectHideFlags: 0
  m_CorrespondingSourceObject: {fileID: 0}
  m_PrefabInternal: {fileID: 0}
  m_GameObject: {fileID: 1233023723}
  m_LocalRotation: {x: 0, y: 0, z: 0, w: 1}
  m_LocalPosition: {x: 0, y: 0, z: 0}
  m_LocalScale: {x: 1, y: 1, z: 1}
  m_Children: []
  m_Father: {fileID: 0}
  m_RootOrder: 8
  m_LocalEulerAnglesHint: {x: 0, y: 0, z: 0}
--- !u!1001 &1241110555
Prefab:
  m_ObjectHideFlags: 0
  serializedVersion: 2
  m_Modification:
    m_TransformParent: {fileID: 1968310709}
    m_Modifications:
    - target: {fileID: 224829219645332802, guid: b7ba7274017b7234b81bfda8a658a0ef,
        type: 2}
      propertyPath: m_LocalPosition.x
      value: 0
      objectReference: {fileID: 0}
    - target: {fileID: 224829219645332802, guid: b7ba7274017b7234b81bfda8a658a0ef,
        type: 2}
      propertyPath: m_LocalPosition.y
      value: 0
      objectReference: {fileID: 0}
    - target: {fileID: 224829219645332802, guid: b7ba7274017b7234b81bfda8a658a0ef,
        type: 2}
      propertyPath: m_LocalPosition.z
      value: 0
      objectReference: {fileID: 0}
    - target: {fileID: 224829219645332802, guid: b7ba7274017b7234b81bfda8a658a0ef,
        type: 2}
      propertyPath: m_LocalRotation.x
      value: 0
      objectReference: {fileID: 0}
    - target: {fileID: 224829219645332802, guid: b7ba7274017b7234b81bfda8a658a0ef,
        type: 2}
      propertyPath: m_LocalRotation.y
      value: 0
      objectReference: {fileID: 0}
    - target: {fileID: 224829219645332802, guid: b7ba7274017b7234b81bfda8a658a0ef,
        type: 2}
      propertyPath: m_LocalRotation.z
      value: 0
      objectReference: {fileID: 0}
    - target: {fileID: 224829219645332802, guid: b7ba7274017b7234b81bfda8a658a0ef,
        type: 2}
      propertyPath: m_LocalRotation.w
      value: 1
      objectReference: {fileID: 0}
    - target: {fileID: 224829219645332802, guid: b7ba7274017b7234b81bfda8a658a0ef,
        type: 2}
      propertyPath: m_RootOrder
      value: 2
      objectReference: {fileID: 0}
    - target: {fileID: 224829219645332802, guid: b7ba7274017b7234b81bfda8a658a0ef,
        type: 2}
      propertyPath: m_AnchoredPosition.x
      value: 350
      objectReference: {fileID: 0}
    - target: {fileID: 224829219645332802, guid: b7ba7274017b7234b81bfda8a658a0ef,
        type: 2}
      propertyPath: m_AnchoredPosition.y
      value: -180
      objectReference: {fileID: 0}
    - target: {fileID: 224829219645332802, guid: b7ba7274017b7234b81bfda8a658a0ef,
        type: 2}
      propertyPath: m_SizeDelta.x
      value: 160
      objectReference: {fileID: 0}
    - target: {fileID: 224829219645332802, guid: b7ba7274017b7234b81bfda8a658a0ef,
        type: 2}
      propertyPath: m_SizeDelta.y
      value: 50
      objectReference: {fileID: 0}
    - target: {fileID: 224829219645332802, guid: b7ba7274017b7234b81bfda8a658a0ef,
        type: 2}
      propertyPath: m_AnchorMin.x
      value: 0.5
      objectReference: {fileID: 0}
    - target: {fileID: 224829219645332802, guid: b7ba7274017b7234b81bfda8a658a0ef,
        type: 2}
      propertyPath: m_AnchorMin.y
      value: 0.5
      objectReference: {fileID: 0}
    - target: {fileID: 224829219645332802, guid: b7ba7274017b7234b81bfda8a658a0ef,
        type: 2}
      propertyPath: m_AnchorMax.x
      value: 0.5
      objectReference: {fileID: 0}
    - target: {fileID: 224829219645332802, guid: b7ba7274017b7234b81bfda8a658a0ef,
        type: 2}
      propertyPath: m_AnchorMax.y
      value: 0.5
      objectReference: {fileID: 0}
    - target: {fileID: 224829219645332802, guid: b7ba7274017b7234b81bfda8a658a0ef,
        type: 2}
      propertyPath: m_Pivot.x
      value: 0.5
      objectReference: {fileID: 0}
    - target: {fileID: 224829219645332802, guid: b7ba7274017b7234b81bfda8a658a0ef,
        type: 2}
      propertyPath: m_Pivot.y
      value: 0.5
      objectReference: {fileID: 0}
    - target: {fileID: 1362542018175716, guid: b7ba7274017b7234b81bfda8a658a0ef, type: 2}
      propertyPath: m_Name
      value: Skele Button
      objectReference: {fileID: 0}
    - target: {fileID: 114997065275052378, guid: b7ba7274017b7234b81bfda8a658a0ef,
        type: 2}
      propertyPath: m_text
      value: Skeleton
      objectReference: {fileID: 0}
    - target: {fileID: 114997065275052378, guid: b7ba7274017b7234b81bfda8a658a0ef,
        type: 2}
      propertyPath: m_havePropertiesChanged
      value: 0
      objectReference: {fileID: 0}
    - target: {fileID: 114997065275052378, guid: b7ba7274017b7234b81bfda8a658a0ef,
        type: 2}
      propertyPath: m_isInputParsingRequired
      value: 0
      objectReference: {fileID: 0}
    - target: {fileID: 114997065275052378, guid: b7ba7274017b7234b81bfda8a658a0ef,
        type: 2}
      propertyPath: m_textInfo.characterCount
      value: 8
      objectReference: {fileID: 0}
    - target: {fileID: 114242131355770812, guid: b7ba7274017b7234b81bfda8a658a0ef,
        type: 2}
      propertyPath: m_OnClick.m_PersistentCalls.m_Calls.Array.data[0].m_Target
      value: 
      objectReference: {fileID: 552379302}
    - target: {fileID: 114242131355770812, guid: b7ba7274017b7234b81bfda8a658a0ef,
        type: 2}
      propertyPath: m_OnClick.m_PersistentCalls.m_Calls.Array.data[0].m_MethodName
      value: Spawn
      objectReference: {fileID: 0}
    - target: {fileID: 114242131355770812, guid: b7ba7274017b7234b81bfda8a658a0ef,
        type: 2}
      propertyPath: m_OnClick.m_PersistentCalls.m_Calls.Array.data[0].m_Mode
      value: 3
      objectReference: {fileID: 0}
    - target: {fileID: 114242131355770812, guid: b7ba7274017b7234b81bfda8a658a0ef,
        type: 2}
      propertyPath: m_OnClick.m_PersistentCalls.m_Calls.Array.data[0].m_Arguments.m_IntArgument
      value: 1
      objectReference: {fileID: 0}
    m_RemovedComponents: []
  m_SourcePrefab: {fileID: 100100000, guid: b7ba7274017b7234b81bfda8a658a0ef, type: 2}
  m_IsPrefabAsset: 0
--- !u!1 &1473689698
GameObject:
  m_ObjectHideFlags: 0
  m_CorrespondingSourceObject: {fileID: 0}
  m_PrefabInternal: {fileID: 0}
  serializedVersion: 6
  m_Component:
  - component: {fileID: 1473689699}
  m_Layer: 0
  m_Name: Enemy Spawn Location
  m_TagString: Untagged
  m_Icon: {fileID: 0}
  m_NavMeshLayer: 0
  m_StaticEditorFlags: 0
  m_IsActive: 1
--- !u!4 &1473689699
Transform:
  m_ObjectHideFlags: 0
  m_CorrespondingSourceObject: {fileID: 0}
  m_PrefabInternal: {fileID: 0}
  m_GameObject: {fileID: 1473689698}
  m_LocalRotation: {x: 0, y: 0, z: 0, w: 1}
  m_LocalPosition: {x: 11.64, y: -4.13, z: 0}
  m_LocalScale: {x: 1, y: 1, z: 1}
  m_Children: []
  m_Father: {fileID: 0}
  m_RootOrder: 5
  m_LocalEulerAnglesHint: {x: 0, y: 0, z: 0}
--- !u!1001 &1506545674
Prefab:
  m_ObjectHideFlags: 0
  serializedVersion: 2
  m_Modification:
    m_TransformParent: {fileID: 2131959294}
    m_Modifications:
    - target: {fileID: 224847318169611938, guid: 785e2ddb3452c3d42b47ae5e3efa3a44,
        type: 2}
      propertyPath: m_LocalPosition.x
      value: 0
      objectReference: {fileID: 0}
    - target: {fileID: 224847318169611938, guid: 785e2ddb3452c3d42b47ae5e3efa3a44,
        type: 2}
      propertyPath: m_LocalPosition.y
      value: 0
      objectReference: {fileID: 0}
    - target: {fileID: 224847318169611938, guid: 785e2ddb3452c3d42b47ae5e3efa3a44,
        type: 2}
      propertyPath: m_LocalPosition.z
      value: 2.000122
      objectReference: {fileID: 0}
    - target: {fileID: 224847318169611938, guid: 785e2ddb3452c3d42b47ae5e3efa3a44,
        type: 2}
      propertyPath: m_LocalRotation.x
      value: -0
      objectReference: {fileID: 0}
    - target: {fileID: 224847318169611938, guid: 785e2ddb3452c3d42b47ae5e3efa3a44,
        type: 2}
      propertyPath: m_LocalRotation.y
      value: -0
      objectReference: {fileID: 0}
    - target: {fileID: 224847318169611938, guid: 785e2ddb3452c3d42b47ae5e3efa3a44,
        type: 2}
      propertyPath: m_LocalRotation.z
      value: -0
      objectReference: {fileID: 0}
    - target: {fileID: 224847318169611938, guid: 785e2ddb3452c3d42b47ae5e3efa3a44,
        type: 2}
      propertyPath: m_LocalRotation.w
      value: 1
      objectReference: {fileID: 0}
    - target: {fileID: 224847318169611938, guid: 785e2ddb3452c3d42b47ae5e3efa3a44,
        type: 2}
      propertyPath: m_RootOrder
      value: 2
      objectReference: {fileID: 0}
    - target: {fileID: 224847318169611938, guid: 785e2ddb3452c3d42b47ae5e3efa3a44,
        type: 2}
      propertyPath: m_AnchoredPosition.x
      value: 43.799984
      objectReference: {fileID: 0}
    - target: {fileID: 224847318169611938, guid: 785e2ddb3452c3d42b47ae5e3efa3a44,
        type: 2}
      propertyPath: m_AnchoredPosition.y
      value: -6.2000275
      objectReference: {fileID: 0}
    - target: {fileID: 224847318169611938, guid: 785e2ddb3452c3d42b47ae5e3efa3a44,
        type: 2}
      propertyPath: m_SizeDelta.x
      value: 0.68
      objectReference: {fileID: 0}
    - target: {fileID: 224847318169611938, guid: 785e2ddb3452c3d42b47ae5e3efa3a44,
        type: 2}
      propertyPath: m_SizeDelta.y
      value: 0.74721
      objectReference: {fileID: 0}
    - target: {fileID: 224847318169611938, guid: 785e2ddb3452c3d42b47ae5e3efa3a44,
        type: 2}
      propertyPath: m_AnchorMin.x
      value: 0.5
      objectReference: {fileID: 0}
    - target: {fileID: 224847318169611938, guid: 785e2ddb3452c3d42b47ae5e3efa3a44,
        type: 2}
      propertyPath: m_AnchorMin.y
      value: 0.5
      objectReference: {fileID: 0}
    - target: {fileID: 224847318169611938, guid: 785e2ddb3452c3d42b47ae5e3efa3a44,
        type: 2}
      propertyPath: m_AnchorMax.x
      value: 0.5
      objectReference: {fileID: 0}
    - target: {fileID: 224847318169611938, guid: 785e2ddb3452c3d42b47ae5e3efa3a44,
        type: 2}
      propertyPath: m_AnchorMax.y
      value: 0.5
      objectReference: {fileID: 0}
    - target: {fileID: 224847318169611938, guid: 785e2ddb3452c3d42b47ae5e3efa3a44,
        type: 2}
      propertyPath: m_Pivot.x
      value: 0.5
      objectReference: {fileID: 0}
    - target: {fileID: 224847318169611938, guid: 785e2ddb3452c3d42b47ae5e3efa3a44,
        type: 2}
      propertyPath: m_Pivot.y
      value: 0.5
      objectReference: {fileID: 0}
    - target: {fileID: 114920293381879252, guid: 785e2ddb3452c3d42b47ae5e3efa3a44,
        type: 2}
      propertyPath: m_OnClick.m_PersistentCalls.m_Calls.Array.data[0].m_Target
      value: 
      objectReference: {fileID: 552379302}
    - target: {fileID: 114399562086161374, guid: 785e2ddb3452c3d42b47ae5e3efa3a44,
        type: 2}
      propertyPath: m_havePropertiesChanged
      value: 1
      objectReference: {fileID: 0}
    - target: {fileID: 114399562086161374, guid: 785e2ddb3452c3d42b47ae5e3efa3a44,
        type: 2}
      propertyPath: m_isInputParsingRequired
      value: 1
      objectReference: {fileID: 0}
    - target: {fileID: 114920293381879252, guid: 785e2ddb3452c3d42b47ae5e3efa3a44,
        type: 2}
      propertyPath: m_OnClick.m_PersistentCalls.m_Calls.Array.data[0].m_Arguments.m_IntArgument
      value: 2
      objectReference: {fileID: 0}
    - target: {fileID: 4412169751455084, guid: 785e2ddb3452c3d42b47ae5e3efa3a44, type: 2}
      propertyPath: m_LocalPosition.y
      value: -0.311
      objectReference: {fileID: 0}
    - target: {fileID: 212615559914501458, guid: 785e2ddb3452c3d42b47ae5e3efa3a44,
        type: 2}
      propertyPath: m_SortingLayerID
      value: 2081634143
      objectReference: {fileID: 0}
    - target: {fileID: 212615559914501458, guid: 785e2ddb3452c3d42b47ae5e3efa3a44,
        type: 2}
      propertyPath: m_SortingLayer
      value: 7
      objectReference: {fileID: 0}
    - target: {fileID: 1798035386935608, guid: 785e2ddb3452c3d42b47ae5e3efa3a44, type: 2}
      propertyPath: m_Layer
      value: 5
      objectReference: {fileID: 0}
    m_RemovedComponents: []
  m_SourcePrefab: {fileID: 100100000, guid: 785e2ddb3452c3d42b47ae5e3efa3a44, type: 2}
  m_IsPrefabAsset: 0
--- !u!1 &1554214433
GameObject:
  m_ObjectHideFlags: 0
  m_CorrespondingSourceObject: {fileID: 0}
  m_PrefabInternal: {fileID: 0}
  serializedVersion: 6
  m_Component:
  - component: {fileID: 1554214435}
  - component: {fileID: 1554214434}
  m_Layer: 0
  m_Name: newbackground
  m_TagString: Untagged
  m_Icon: {fileID: 0}
  m_NavMeshLayer: 0
  m_StaticEditorFlags: 0
  m_IsActive: 1
--- !u!212 &1554214434
SpriteRenderer:
  m_ObjectHideFlags: 0
  m_CorrespondingSourceObject: {fileID: 0}
  m_PrefabInternal: {fileID: 0}
  m_GameObject: {fileID: 1554214433}
  m_Enabled: 1
  m_CastShadows: 0
  m_ReceiveShadows: 0
  m_DynamicOccludee: 1
  m_MotionVectors: 1
  m_LightProbeUsage: 1
  m_ReflectionProbeUsage: 1
  m_RenderingLayerMask: 4294967295
  m_Materials:
  - {fileID: 10754, guid: 0000000000000000f000000000000000, type: 0}
  m_StaticBatchInfo:
    firstSubMesh: 0
    subMeshCount: 0
  m_StaticBatchRoot: {fileID: 0}
  m_ProbeAnchor: {fileID: 0}
  m_LightProbeVolumeOverride: {fileID: 0}
  m_ScaleInLightmap: 1
  m_PreserveUVs: 0
  m_IgnoreNormalsForChartDetection: 0
  m_ImportantGI: 0
  m_StitchLightmapSeams: 0
  m_SelectedEditorRenderState: 0
  m_MinimumChartSize: 4
  m_AutoUVMaxDistance: 0.5
  m_AutoUVMaxAngle: 89
  m_LightmapParameters: {fileID: 0}
  m_SortingLayerID: -59260803
  m_SortingLayer: 1
  m_SortingOrder: 0
  m_Sprite: {fileID: 21300000, guid: f0b2f622a4d397244ab4d2ab3494389e, type: 3}
  m_Color: {r: 1, g: 1, b: 1, a: 1}
  m_FlipX: 0
  m_FlipY: 0
  m_DrawMode: 0
  m_Size: {x: 4.8, y: 2.7}
  m_AdaptiveModeThreshold: 0.5
  m_SpriteTileMode: 0
  m_WasSpriteAssigned: 1
  m_MaskInteraction: 0
  m_SpriteSortPoint: 0
--- !u!4 &1554214435
Transform:
  m_ObjectHideFlags: 0
  m_CorrespondingSourceObject: {fileID: 0}
  m_PrefabInternal: {fileID: 0}
  m_GameObject: {fileID: 1554214433}
  m_LocalRotation: {x: 0, y: 0, z: 0, w: 1}
  m_LocalPosition: {x: 0, y: 0, z: 0}
  m_LocalScale: {x: 6.68, y: 6.68, z: 6.68}
  m_Children: []
  m_Father: {fileID: 0}
  m_RootOrder: 6
  m_LocalEulerAnglesHint: {x: 0, y: 0, z: 0}
--- !u!224 &1661647406 stripped
RectTransform:
  m_CorrespondingSourceObject: {fileID: 224847318169611938, guid: 785e2ddb3452c3d42b47ae5e3efa3a44,
    type: 2}
  m_PrefabInternal: {fileID: 1506545674}
--- !u!224 &1708287881 stripped
RectTransform:
  m_CorrespondingSourceObject: {fileID: 224507161646000998, guid: cdb6e7b71f28c984d93184a23f781ab9,
    type: 2}
  m_PrefabInternal: {fileID: 2097100011}
--- !u!224 &1890507430 stripped
RectTransform:
  m_CorrespondingSourceObject: {fileID: 224829219645332802, guid: b7ba7274017b7234b81bfda8a658a0ef,
    type: 2}
  m_PrefabInternal: {fileID: 1241110555}
--- !u!1 &1968310705
GameObject:
  m_ObjectHideFlags: 0
  m_CorrespondingSourceObject: {fileID: 0}
  m_PrefabInternal: {fileID: 0}
  serializedVersion: 6
  m_Component:
  - component: {fileID: 1968310709}
  - component: {fileID: 1968310708}
  - component: {fileID: 1968310707}
  - component: {fileID: 1968310706}
  m_Layer: 0
  m_Name: Canvas
  m_TagString: Untagged
  m_Icon: {fileID: 0}
  m_NavMeshLayer: 0
  m_StaticEditorFlags: 0
  m_IsActive: 1
--- !u!114 &1968310706
MonoBehaviour:
  m_ObjectHideFlags: 0
  m_CorrespondingSourceObject: {fileID: 0}
  m_PrefabInternal: {fileID: 0}
  m_GameObject: {fileID: 1968310705}
  m_Enabled: 1
  m_EditorHideFlags: 0
  m_Script: {fileID: 1301386320, guid: f70555f144d8491a825f0804e09c671c, type: 3}
  m_Name: 
  m_EditorClassIdentifier: 
  m_IgnoreReversedGraphics: 1
  m_BlockingObjects: 0
  m_BlockingMask:
    serializedVersion: 2
    m_Bits: 4294967295
--- !u!114 &1968310707
MonoBehaviour:
  m_ObjectHideFlags: 0
  m_CorrespondingSourceObject: {fileID: 0}
  m_PrefabInternal: {fileID: 0}
  m_GameObject: {fileID: 1968310705}
  m_Enabled: 1
  m_EditorHideFlags: 0
  m_Script: {fileID: 1980459831, guid: f70555f144d8491a825f0804e09c671c, type: 3}
  m_Name: 
  m_EditorClassIdentifier: 
  m_UiScaleMode: 0
  m_ReferencePixelsPerUnit: 100
  m_ScaleFactor: 1
  m_ReferenceResolution: {x: 0, y: 123}
  m_ScreenMatchMode: 0
  m_MatchWidthOrHeight: 0
  m_PhysicalUnit: 3
  m_FallbackScreenDPI: 96
  m_DefaultSpriteDPI: 96
  m_DynamicPixelsPerUnit: 1
--- !u!223 &1968310708
Canvas:
  m_ObjectHideFlags: 0
  m_CorrespondingSourceObject: {fileID: 0}
  m_PrefabInternal: {fileID: 0}
  m_GameObject: {fileID: 1968310705}
  m_Enabled: 1
  serializedVersion: 3
  m_RenderMode: 1
  m_Camera: {fileID: 811910742}
  m_PlaneDistance: 100
  m_PixelPerfect: 0
  m_ReceivesEvents: 1
  m_OverrideSorting: 0
  m_OverridePixelPerfect: 0
  m_SortingBucketNormalizedSize: 0
  m_AdditionalShaderChannelsFlag: 25
  m_SortingLayerID: 2081634143
  m_SortingOrder: 0
  m_TargetDisplay: 0
--- !u!224 &1968310709
RectTransform:
  m_ObjectHideFlags: 0
  m_CorrespondingSourceObject: {fileID: 0}
  m_PrefabInternal: {fileID: 0}
  m_GameObject: {fileID: 1968310705}
  m_LocalRotation: {x: 0, y: 0, z: 0, w: 1}
  m_LocalPosition: {x: 0, y: 0, z: 0}
  m_LocalScale: {x: 0, y: 0, z: 0}
  m_Children:
  - {fileID: 2131959294}
  - {fileID: 2125351322}
  - {fileID: 1890507430}
  m_Father: {fileID: 0}
  m_RootOrder: 7
  m_LocalEulerAnglesHint: {x: 0, y: 0, z: 0}
  m_AnchorMin: {x: 0, y: 0}
  m_AnchorMax: {x: 0, y: 0}
  m_AnchoredPosition: {x: 0, y: 0}
  m_SizeDelta: {x: 0, y: 0}
  m_Pivot: {x: 0, y: 0}
--- !u!224 &1980817710 stripped
RectTransform:
  m_CorrespondingSourceObject: {fileID: 224623510141321100, guid: 1394a1bfdafc87947b828399fbd6b3a9,
    type: 2}
  m_PrefabInternal: {fileID: 596034692}
--- !u!1001 &2097100011
Prefab:
  m_ObjectHideFlags: 0
  serializedVersion: 2
  m_Modification:
    m_TransformParent: {fileID: 2131959294}
    m_Modifications:
    - target: {fileID: 224507161646000998, guid: cdb6e7b71f28c984d93184a23f781ab9,
        type: 2}
      propertyPath: m_LocalPosition.x
      value: 0
      objectReference: {fileID: 0}
    - target: {fileID: 224507161646000998, guid: cdb6e7b71f28c984d93184a23f781ab9,
        type: 2}
      propertyPath: m_LocalPosition.y
      value: 0
      objectReference: {fileID: 0}
    - target: {fileID: 224507161646000998, guid: cdb6e7b71f28c984d93184a23f781ab9,
        type: 2}
      propertyPath: m_LocalPosition.z
      value: 2.000122
      objectReference: {fileID: 0}
    - target: {fileID: 224507161646000998, guid: cdb6e7b71f28c984d93184a23f781ab9,
        type: 2}
      propertyPath: m_LocalRotation.x
      value: -0
      objectReference: {fileID: 0}
    - target: {fileID: 224507161646000998, guid: cdb6e7b71f28c984d93184a23f781ab9,
        type: 2}
      propertyPath: m_LocalRotation.y
      value: -0
      objectReference: {fileID: 0}
    - target: {fileID: 224507161646000998, guid: cdb6e7b71f28c984d93184a23f781ab9,
        type: 2}
      propertyPath: m_LocalRotation.z
      value: -0
      objectReference: {fileID: 0}
    - target: {fileID: 224507161646000998, guid: cdb6e7b71f28c984d93184a23f781ab9,
        type: 2}
      propertyPath: m_LocalRotation.w
      value: 1
      objectReference: {fileID: 0}
    - target: {fileID: 224507161646000998, guid: cdb6e7b71f28c984d93184a23f781ab9,
        type: 2}
      propertyPath: m_RootOrder
      value: 0
      objectReference: {fileID: 0}
    - target: {fileID: 224507161646000998, guid: cdb6e7b71f28c984d93184a23f781ab9,
        type: 2}
      propertyPath: m_AnchoredPosition.x
      value: -133.80002
      objectReference: {fileID: 0}
    - target: {fileID: 224507161646000998, guid: cdb6e7b71f28c984d93184a23f781ab9,
        type: 2}
      propertyPath: m_AnchoredPosition.y
      value: -5.9
      objectReference: {fileID: 0}
    - target: {fileID: 224507161646000998, guid: cdb6e7b71f28c984d93184a23f781ab9,
        type: 2}
      propertyPath: m_SizeDelta.x
      value: 0.68
      objectReference: {fileID: 0}
    - target: {fileID: 224507161646000998, guid: cdb6e7b71f28c984d93184a23f781ab9,
        type: 2}
      propertyPath: m_SizeDelta.y
      value: 0.74721
      objectReference: {fileID: 0}
    - target: {fileID: 224507161646000998, guid: cdb6e7b71f28c984d93184a23f781ab9,
        type: 2}
      propertyPath: m_AnchorMin.x
      value: 0.5
      objectReference: {fileID: 0}
    - target: {fileID: 224507161646000998, guid: cdb6e7b71f28c984d93184a23f781ab9,
        type: 2}
      propertyPath: m_AnchorMin.y
      value: 0.5
      objectReference: {fileID: 0}
    - target: {fileID: 224507161646000998, guid: cdb6e7b71f28c984d93184a23f781ab9,
        type: 2}
      propertyPath: m_AnchorMax.x
      value: 0.5
      objectReference: {fileID: 0}
    - target: {fileID: 224507161646000998, guid: cdb6e7b71f28c984d93184a23f781ab9,
        type: 2}
      propertyPath: m_AnchorMax.y
      value: 0.5
      objectReference: {fileID: 0}
    - target: {fileID: 224507161646000998, guid: cdb6e7b71f28c984d93184a23f781ab9,
        type: 2}
      propertyPath: m_Pivot.x
      value: 0.5
      objectReference: {fileID: 0}
    - target: {fileID: 224507161646000998, guid: cdb6e7b71f28c984d93184a23f781ab9,
        type: 2}
      propertyPath: m_Pivot.y
      value: 0.5
      objectReference: {fileID: 0}
    - target: {fileID: 114576589870510832, guid: cdb6e7b71f28c984d93184a23f781ab9,
        type: 2}
      propertyPath: m_OnClick.m_PersistentCalls.m_Calls.Array.data[0].m_Target
      value: 
      objectReference: {fileID: 552379302}
    - target: {fileID: 114646841664115432, guid: cdb6e7b71f28c984d93184a23f781ab9,
        type: 2}
      propertyPath: m_havePropertiesChanged
      value: 0
      objectReference: {fileID: 0}
    - target: {fileID: 114646841664115432, guid: cdb6e7b71f28c984d93184a23f781ab9,
        type: 2}
      propertyPath: m_isInputParsingRequired
      value: 0
      objectReference: {fileID: 0}
    - target: {fileID: 4023905516287954, guid: cdb6e7b71f28c984d93184a23f781ab9, type: 2}
      propertyPath: m_LocalPosition.y
      value: -0.291
      objectReference: {fileID: 0}
    - target: {fileID: 212319497840362758, guid: cdb6e7b71f28c984d93184a23f781ab9,
        type: 2}
      propertyPath: m_SortingLayerID
      value: 2081634143
      objectReference: {fileID: 0}
    - target: {fileID: 212319497840362758, guid: cdb6e7b71f28c984d93184a23f781ab9,
        type: 2}
      propertyPath: m_SortingLayer
      value: 7
      objectReference: {fileID: 0}
    - target: {fileID: 1041351365743596, guid: cdb6e7b71f28c984d93184a23f781ab9, type: 2}
      propertyPath: m_Layer
      value: 5
      objectReference: {fileID: 0}
    - target: {fileID: 114557507348489494, guid: cdb6e7b71f28c984d93184a23f781ab9,
        type: 2}
      propertyPath: m_RaycastTarget
      value: 1
      objectReference: {fileID: 0}
    - target: {fileID: 114557507348489494, guid: cdb6e7b71f28c984d93184a23f781ab9,
        type: 2}
      propertyPath: m_Color.r
      value: 1
      objectReference: {fileID: 0}
    - target: {fileID: 114557507348489494, guid: cdb6e7b71f28c984d93184a23f781ab9,
        type: 2}
      propertyPath: m_Color.g
      value: 1
      objectReference: {fileID: 0}
    - target: {fileID: 114557507348489494, guid: cdb6e7b71f28c984d93184a23f781ab9,
        type: 2}
      propertyPath: m_Color.b
      value: 1
      objectReference: {fileID: 0}
    m_RemovedComponents: []
  m_SourcePrefab: {fileID: 100100000, guid: cdb6e7b71f28c984d93184a23f781ab9, type: 2}
  m_IsPrefabAsset: 0
--- !u!1 &2117825346
GameObject:
  m_ObjectHideFlags: 0
  m_CorrespondingSourceObject: {fileID: 0}
  m_PrefabInternal: {fileID: 0}
  serializedVersion: 6
  m_Component:
  - component: {fileID: 2117825347}
  - component: {fileID: 2117825349}
  - component: {fileID: 2117825348}
  m_Layer: 5
  m_Name: TextMeshPro Text
  m_TagString: Untagged
  m_Icon: {fileID: 0}
  m_NavMeshLayer: 0
  m_StaticEditorFlags: 0
  m_IsActive: 1
--- !u!224 &2117825347
RectTransform:
  m_ObjectHideFlags: 0
  m_CorrespondingSourceObject: {fileID: 0}
  m_PrefabInternal: {fileID: 0}
  m_GameObject: {fileID: 2117825346}
  m_LocalRotation: {x: -0, y: -0, z: -0, w: 1}
  m_LocalPosition: {x: 0, y: 0, z: 0}
  m_LocalScale: {x: 1, y: 1, z: 1}
  m_Children: []
  m_Father: {fileID: 2125351322}
  m_RootOrder: 0
  m_LocalEulerAnglesHint: {x: 0, y: 0, z: 0}
  m_AnchorMin: {x: 0, y: 1}
  m_AnchorMax: {x: 0, y: 1}
  m_AnchoredPosition: {x: 100.8, y: -31.9}
  m_SizeDelta: {x: 200, y: 50}
  m_Pivot: {x: 0.5, y: 0.5}
--- !u!114 &2117825348
MonoBehaviour:
  m_ObjectHideFlags: 0
  m_CorrespondingSourceObject: {fileID: 0}
  m_PrefabInternal: {fileID: 0}
  m_GameObject: {fileID: 2117825346}
  m_Enabled: 1
  m_EditorHideFlags: 0
  m_Script: {fileID: 11500000, guid: f4688fdb7df04437aeb418b961361dc5, type: 3}
  m_Name: 
  m_EditorClassIdentifier: 
  m_Material: {fileID: 0}
  m_Color: {r: 1, g: 1, b: 1, a: 1}
  m_RaycastTarget: 1
  m_OnCullStateChanged:
    m_PersistentCalls:
      m_Calls: []
    m_TypeName: UnityEngine.UI.MaskableGraphic+CullStateChangedEvent, UnityEngine.UI,
      Version=1.0.0.0, Culture=neutral, PublicKeyToken=null
  m_text: 'MANA:'
  m_isRightToLeft: 0
  m_fontAsset: {fileID: 11400000, guid: b6db3bd12e61cf54f89d30db6184c6c0, type: 2}
  m_sharedMaterial: {fileID: 21196743558365714, guid: b6db3bd12e61cf54f89d30db6184c6c0,
    type: 2}
  m_fontSharedMaterials: []
  m_fontMaterial: {fileID: 0}
  m_fontMaterials: []
  m_fontColor32:
    serializedVersion: 2
    rgba: 4278190080
  m_fontColor: {r: 0, g: 0, b: 0, a: 1}
  m_enableVertexGradient: 0
  m_fontColorGradient:
    topLeft: {r: 1, g: 1, b: 1, a: 1}
    topRight: {r: 1, g: 1, b: 1, a: 1}
    bottomLeft: {r: 1, g: 1, b: 1, a: 1}
    bottomRight: {r: 1, g: 1, b: 1, a: 1}
  m_fontColorGradientPreset: {fileID: 0}
  m_spriteAsset: {fileID: 0}
  m_tintAllSprites: 0
  m_overrideHtmlColors: 0
  m_faceColor:
    serializedVersion: 2
    rgba: 4294967295
  m_outlineColor:
    serializedVersion: 2
    rgba: 4278190080
  m_fontSize: 36
  m_fontSizeBase: 36
  m_fontWeight: 400
  m_enableAutoSizing: 0
  m_fontSizeMin: 18
  m_fontSizeMax: 72
  m_fontStyle: 0
  m_textAlignment: 257
  m_isAlignmentEnumConverted: 1
  m_characterSpacing: 0
  m_wordSpacing: 0
  m_lineSpacing: 0
  m_lineSpacingMax: 0
  m_paragraphSpacing: 0
  m_charWidthMaxAdj: 0
  m_enableWordWrapping: 1
  m_wordWrappingRatios: 0.4
  m_overflowMode: 0
  m_firstOverflowCharacterIndex: -1
  m_linkedTextComponent: {fileID: 0}
  m_isLinkedTextComponent: 0
  m_isTextTruncated: 0
  m_enableKerning: 1
  m_enableExtraPadding: 0
  checkPaddingRequired: 0
  m_isRichText: 1
  m_parseCtrlCharacters: 1
  m_isOrthographic: 1
  m_isCullingEnabled: 0
  m_ignoreRectMaskCulling: 0
  m_ignoreCulling: 1
  m_horizontalMapping: 0
  m_verticalMapping: 0
  m_uvLineOffset: 0
  m_geometrySortingOrder: 0
  m_firstVisibleCharacter: 0
  m_useMaxVisibleDescender: 1
  m_pageToDisplay: 1
  m_margin: {x: 0, y: 0, z: 75.56685, w: 0}
  m_textInfo:
    textComponent: {fileID: 2117825348}
    characterCount: 5
    spriteCount: 0
    spaceCount: 0
    wordCount: 1
    linkCount: 0
    lineCount: 1
    pageCount: 1
    materialCount: 1
  m_havePropertiesChanged: 0
  m_isUsingLegacyAnimationComponent: 0
  m_isVolumetricText: 0
  m_spriteAnimator: {fileID: 0}
  m_isInputParsingRequired: 0
  m_inputSource: 0
  m_hasFontAssetChanged: 0
  m_subTextObjects:
  - {fileID: 0}
  - {fileID: 0}
  - {fileID: 0}
  - {fileID: 0}
  - {fileID: 0}
  - {fileID: 0}
  - {fileID: 0}
  - {fileID: 0}
  m_baseMaterial: {fileID: 0}
  m_maskOffset: {x: 0, y: 0, z: 0, w: 0}
--- !u!222 &2117825349
CanvasRenderer:
  m_ObjectHideFlags: 0
  m_CorrespondingSourceObject: {fileID: 0}
  m_PrefabInternal: {fileID: 0}
  m_GameObject: {fileID: 2117825346}
  m_CullTransparentMesh: 0
--- !u!1 &2125351321
GameObject:
  m_ObjectHideFlags: 0
  m_CorrespondingSourceObject: {fileID: 0}
  m_PrefabInternal: {fileID: 0}
  serializedVersion: 6
  m_Component:
  - component: {fileID: 2125351322}
  m_Layer: 5
  m_Name: Mana
  m_TagString: Untagged
  m_Icon: {fileID: 0}
  m_NavMeshLayer: 0
  m_StaticEditorFlags: 0
  m_IsActive: 1
--- !u!224 &2125351322
RectTransform:
  m_ObjectHideFlags: 0
  m_CorrespondingSourceObject: {fileID: 0}
  m_PrefabInternal: {fileID: 0}
  m_GameObject: {fileID: 2125351321}
  m_LocalRotation: {x: 0, y: 0, z: 0, w: 1}
  m_LocalPosition: {x: 0, y: 0, z: 0}
  m_LocalScale: {x: 1, y: 1, z: 1}
  m_Children:
  - {fileID: 2117825347}
  - {fileID: 67918252}
  m_Father: {fileID: 1968310709}
  m_RootOrder: 1
  m_LocalEulerAnglesHint: {x: 0, y: 0, z: 0}
  m_AnchorMin: {x: 0.5, y: 0.5}
  m_AnchorMax: {x: 0.5, y: 0.5}
  m_AnchoredPosition: {x: -399, y: 205}
  m_SizeDelta: {x: 100, y: 100}
  m_Pivot: {x: 0.5, y: 0.5}
--- !u!1 &2131959293
GameObject:
  m_ObjectHideFlags: 0
  m_CorrespondingSourceObject: {fileID: 0}
  m_PrefabInternal: {fileID: 0}
  serializedVersion: 6
  m_Component:
  - component: {fileID: 2131959294}
  - component: {fileID: 2131959295}
  m_Layer: 5
  m_Name: Hud Bottom
  m_TagString: Untagged
  m_Icon: {fileID: 0}
  m_NavMeshLayer: 0
  m_StaticEditorFlags: 0
  m_IsActive: 1
--- !u!4 &2131959294
Transform:
  m_ObjectHideFlags: 0
  m_CorrespondingSourceObject: {fileID: 0}
  m_PrefabInternal: {fileID: 0}
  m_GameObject: {fileID: 2131959293}
  m_LocalRotation: {x: -0, y: -0, z: -0, w: 1}
  m_LocalPosition: {x: 0.000015258789, y: -205.4, z: 0}
  m_LocalScale: {x: 1, y: 1, z: 1}
  m_Children:
  - {fileID: 1708287881}
  - {fileID: 356913489}
  - {fileID: 1661647406}
  - {fileID: 1980817710}
  m_Father: {fileID: 1968310709}
  m_RootOrder: 0
  m_LocalEulerAnglesHint: {x: 0, y: 0, z: 0}
--- !u!212 &2131959295
SpriteRenderer:
  m_ObjectHideFlags: 0
  m_CorrespondingSourceObject: {fileID: 0}
  m_PrefabInternal: {fileID: 0}
  m_GameObject: {fileID: 2131959293}
  m_Enabled: 1
  m_CastShadows: 0
  m_ReceiveShadows: 0
  m_DynamicOccludee: 1
  m_MotionVectors: 1
  m_LightProbeUsage: 1
  m_ReflectionProbeUsage: 1
  m_RenderingLayerMask: 4294967295
  m_Materials:
  - {fileID: 10754, guid: 0000000000000000f000000000000000, type: 0}
  m_StaticBatchInfo:
    firstSubMesh: 0
    subMeshCount: 0
  m_StaticBatchRoot: {fileID: 0}
  m_ProbeAnchor: {fileID: 0}
  m_LightProbeVolumeOverride: {fileID: 0}
  m_ScaleInLightmap: 1
  m_PreserveUVs: 0
  m_IgnoreNormalsForChartDetection: 0
  m_ImportantGI: 0
  m_StitchLightmapSeams: 0
  m_SelectedEditorRenderState: 0
  m_MinimumChartSize: 4
  m_AutoUVMaxDistance: 0.5
  m_AutoUVMaxAngle: 89
  m_LightmapParameters: {fileID: 0}
  m_SortingLayerID: -662836189
  m_SortingLayer: 6
  m_SortingOrder: 0
  m_Sprite: {fileID: 21300000, guid: b2fae828479e468488adeb879e1890a4, type: 3}
  m_Color: {r: 1, g: 1, b: 1, a: 1}
  m_FlipX: 0
  m_FlipY: 0
  m_DrawMode: 0
  m_Size: {x: 1.58, y: 0.44}
  m_AdaptiveModeThreshold: 0.5
  m_SpriteTileMode: 0
  m_WasSpriteAssigned: 1
  m_MaskInteraction: 0
  m_SpriteSortPoint: 0
